<?xml version="1.0" encoding="UTF-8"?><collection xmlns="http://www.loc.gov/MARC21/slim"><record><leader>00400nam--2200169-u-4500</leader><controlfield tag="001">000050604</controlfield><controlfield tag="002">20161230</controlfield><controlfield tag="005">20161230201048</controlfield><controlfield tag="008">071115s1000------------r-----000-0-eng-d</controlfield><datafield ind1=" " ind2=" " tag="040"><subfield code="a">IFIN-HH</subfield></datafield><datafield ind1=" " ind2=" " tag="080"><subfield code="a">51</subfield></datafield><datafield ind1="1" ind2=" " tag="100"><subfield code="a">Laks,L.Piter i Fillips,Ralf,S</subfield></datafield><datafield ind1="1" ind2="0" tag="245"><subfield code="a">Teoria rasseyaniya</subfield></datafield><datafield ind1=" " ind2=" " tag="260"><subfield code="a">Miskva</subfield><subfield code="b">Izdatelstvo "Mir"</subfield><subfield code="c">1971</subfield></datafield><datafield ind1=" " ind2=" " tag="300"><subfield code="a">312 p</subfield></datafield><datafield ind1=" " ind2=" " tag="852"><subfield code="c">51</subfield></datafield><datafield ind1=" " ind2=" " tag="CAT"><subfield code="a">Sys</subfield><subfield code="c">20071115</subfield><subfield code="h">135025</subfield></datafield></record></collection>